<?xml version="1.0" encoding="UTF-8"?><collection xmlns="http://www.loc.gov/MARC21/slim"><record><leader>00606nam--2200169-u-4500</leader><controlfield tag="001">000056617</controlfield><controlfield tag="002">20161230</controlfield><controlfield tag="005">20161230201052</controlfield><controlfield tag="008">160330s1000------------r-----000-0-eng-d</controlfield><datafield ind1=" " ind2=" " tag="040"><subfield code="a">IFIN-HH</subfield></datafield><datafield ind1=" " ind2=" " tag="080"><subfield code="a">539.17(047.1):539.172.4(041.1)_</subfield></datafield><datafield ind1="1" ind2=" " tag="100"><subfield code="a">Schett, A</subfield></datafield><datafield ind1="1" ind2="0" tag="245"><subfield code="a">Compilation of Threshold Reaction Neutron Cross-Sections for Neutron Dosimetry and other Applications</subfield><subfield code="c">A. Schett, K. Okamoto, L. Lesca, F.H. Frohner, H. Liskien, A. Pualsen</subfield></datafield><datafield ind1=" " ind2=" " tag="260"><subfield code="a">Saclay</subfield><subfield code="b">Centrre de Compilation de Donnees Neutroniques</subfield><subfield code="c">1974</subfield></datafield><datafield ind1=" " ind2=" " tag="300"><subfield code="a">xix+315p</subfield></datafield><datafield ind1=" " ind2=" " tag="852"><subfield code="a">41682</subfield><subfield code="c">53.081</subfield></datafield><datafield ind1=" " ind2=" " tag="CAT"><subfield code="a">Sys</subfield><subfield code="c">20160330</subfield><subfield code="h">124648</subfield></datafield></record></collection>